  @article{ben2018,
  title={There Are Many Consistent Explanations of Unlabeled Data: Why You Should Average},
  author={Ben Athiwaratkun and Marc Finzi and Pavel Izmailov and Andrew Gordon Wilson},
  journal={ICLR},
  howpublished ="\url{https://openreview.net/pdf?id=rkgKBhA5Y7}",
  year={2019}}

@article{invertible,
  title={Invertible Convolutional Networks},
  author={Marc Finzi and Pavel Izmailov and Wesley Maddox and Polina Kirichenko and Andrew Gordon Wilson},
  journal={ICML 2019 INNF Workshop},
  howpublished ="\url{https://invertibleworkshop.github.io/accepted_papers/pdfs/INNF_2019_paper_26.pdf}",
  year={2019}}

@article{gruvereffective,
  title={Effective Surrogate Models for Protein Design with Bayesian Optimization},
  author={Gruver, Nate and Stanton, Samuel and Kirichenko, Polina and Finzi, Marc and Maffettone, Phillip and Myers, Vivek and Delaney, Emily and Greenside, Peyton and Wilson, Andrew Gordon}
}

@article{izmailov2019semi,
  title={Semi-supervised learning with normalizing flows},
  author={Izmailov, Pavel and Kirichenko, Polina and Finzi, Marc and Wilson, Andrew Gordon},
  journal={ICML},
  year={2020}
}

@article{finzi2020generalizing,
  title={Generalizing Convolutional Neural Networks for Equivariance to Lie Groups on Arbitrary Continuous Data},
  author={Finzi, Marc and Stanton, Samuel and Izmailov, Pavel and Wilson, Andrew Gordon},
  journal={ICML},
  howpublished= "\url{https://arxiv.org/abs/2002.12880}",
  year={2020}
}

@article{benton2020augerino,
  title={Learning Invariances in Neural Networks from Training Data},
  author={Benton, Greg and Finzi, Marc and Izmailov, Pavel and Wilson, Andrew Gordon},
  journal={NeurIPS},
  year={2020}
}

@article{finzi2020simplifying,
  title={Simplifying Hamiltonian and Lagrangian Neural Networks via Explicit Constraints},
  author={Finzi, Marc and Wang, Alex and Wilson, Andrew Gordon},
  journal={NeurIPS},
  year={2020}
}

@article{finzi2021pncnn,
  title={Probabilistic Numeric Convolutional Neural Networks},
  author={Finzi, Marc and Bondesan, Roberto and Welling, Max},
  journal={ICLR},
  howpublished= "\url{https://openreview.net/pdf?id=T1XmO8ScKim}",
  year={2021}
}

@article{finzi2021arbitrary,
  title={A Practical Method for Constructing Equivariant Multilayer Perceptrons for Arbitrary Matrix Groups},
  author={Finzi, Marc and Welling, Max and Wilson, Andrew Gordon},
  journal={ICML},
  year={2021}
}


@article{kapoor2021simplex,
  title={SKIing on Simplices: Kernel Interpolation on the Permutohedral Lattice for Scalable Gaussian Processes},
  author={Kapoor, Sanyam and Finzi, Marc and Wang, Ke Alexander and Wilson, Andrew Gordon},
  journal={ICML},
  year={2021}
}

@article{nate2022hnns,
  title={Deconstructing the Inductive Biases of Hamiltonian Neural Networks},
  author={Gruver, Nate and Finzi, Marc and Stanton, Samuel and Wilson, Andrew Gordon},
  journal={ICLR},
  year={2022}
}